<collection xmlns="http://www.loc.gov/MARC21/slim">
<record>
  <leader>03167nam0a2200505 i 450 </leader>
  <controlfield tag="001">IT\ICCU\CNCE\003694</controlfield>
  <controlfield tag="005">20050601000000.0</controlfield>
  <datafield tag="012" ind1=" " ind2=" ">
    <subfield code="a">a-sa .7i. iala delo (3) 1579 (A)</subfield>
    <subfield code="2">fei</subfield>
    <subfield code="9">1</subfield>
  </datafield>
  <datafield tag="012" ind1=" " ind2=" ">
    <subfield code="a">il.3 si56 hao- lol&apos; (3) 1579 (R)</subfield>
    <subfield code="2">fei</subfield>
    <subfield code="9">2</subfield>
  </datafield>
  <datafield tag="100" ind1=" " ind2=" ">
    <subfield code="a">19970101d1579        0itac0103    ba</subfield>
  </datafield>
  <datafield tag="101" ind1=" " ind2=" ">
    <subfield code="a">ITA</subfield>
  </datafield>
  <datafield tag="102" ind1=" " ind2=" ">
    <subfield code="a">IT</subfield>
  </datafield>
  <datafield tag="200" ind1="1" ind2=" ">
    <subfield code="a">Manuale de&apos; confessori, et penitenti, che con chiarezza et breuita contiene la vniuersale, et particolar decisione di tutti i dubbij, che nelle confessioni de&apos; peccati occorrere sogliono; ... Insieme con cinque commentarij, cioe de&apos; cambi, dell&apos;vsure, della simonia, della difesa del prossimo, et del furto notabile, composto dal dottor Martino Azpliqueta Nauarro, e nuouamente tradotto di spagnuolo in italiano dal r. p. fra Cola di Guglinisi ...</subfield>
  </datafield>
  <datafield tag="210" ind1=" " ind2=" ">
    <subfield code="a">In Turino</subfield>
    <subfield code="c">appresso gli heredi del Beuilacqua</subfield>
    <subfield code="d">1579</subfield>
  </datafield>
  <datafield tag="215" ind1=" " ind2=" ">
    <subfield code="a">2 v.</subfield>
    <subfield code="d">4ʻ</subfield>
  </datafield>
  <datafield tag="620" ind1=" " ind2=" ">
    <subfield code="a">IT</subfield>
    <subfield code="d">Torino</subfield>
  </datafield>
  <datafield tag="700" ind1=" " ind2="1">
    <subfield code="a">Azpilcueta,</subfield>
    <subfield code="b">Martin : de</subfield>
    <subfield code="3">IT\ICCU\CNCA\000998</subfield>
  </datafield>
  <datafield tag="702" ind1=" " ind2="0">
    <subfield code="a"></subfield>
    <subfield code="c"> : da#Guglionesi</subfield>
    <subfield code="3">IT\ICCU\CNCA\000375</subfield>
  </datafield>
  <datafield tag="712" ind1="0" ind2="0">
    <subfield code="a">Bevilacqua, Niccol ̣- eredi</subfield>
    <subfield code="3">IT\ICCU\CNCT\000513</subfield>
    <subfield code="4">650</subfield>
  </datafield>
  <datafield tag="790" ind1=" " ind2="0">
    <subfield code="a">Martinus Azpliqueta</subfield>
    <subfield code="c"> : Navarro</subfield>
    <subfield code="3">IT\ICCU\CNCA\014102</subfield>
    <subfield code="z">Azpilcueta, Martin : de</subfield>
  </datafield>
  <datafield tag="790" ind1=" " ind2="1">
    <subfield code="a">Navarro,</subfield>
    <subfield code="b">Martin : de</subfield>
    <subfield code="3">IT\ICCU\CNCA\014747</subfield>
    <subfield code="z">Azpilcueta, Martin : de</subfield>
  </datafield>
  <datafield tag="790" ind1=" " ind2="0">
    <subfield code="a">Cola</subfield>
    <subfield code="c"> : di#Guglinisi</subfield>
    <subfield code="3">IT\ICCU\CNCA\008266</subfield>
    <subfield code="z">Niccol ̣: da#Guglionesi</subfield>
  </datafield>
  <datafield tag="790" ind1=" " ind2="1">
    <subfield code="a">Guglinisi,</subfield>
    <subfield code="b">Cola : de&apos;</subfield>
    <subfield code="3">IT\ICCU\CNCA\014300</subfield>
    <subfield code="z">Niccol ̣: da#Guglionesi</subfield>
  </datafield>
  <datafield tag="801" ind1=" " ind2="3">
    <subfield code="a">IT</subfield>
    <subfield code="b">ICCU</subfield>
    <subfield code="c">20201113</subfield>
  </datafield>
  <datafield tag="899" ind1=" " ind2=" ">
    <subfield code="a">Biblioteca comunale Luciano Benincasa. Ancona</subfield>
    <subfield code="1">AN0001</subfield>
    <subfield code="2">URB BA</subfield>
  </datafield>
  <datafield tag="899" ind1=" " ind2=" ">
    <subfield code="a">Biblioteca provinciale dei Cappuccini di Puglia. Bari</subfield>
    <subfield code="1">BA0017</subfield>
    <subfield code="2">BA1 21</subfield>
  </datafield>
  <datafield tag="899" ind1=" " ind2=" ">
    <subfield code="a">Biblioteca nazionale Sagarriga Visconti-Volpi. Bari</subfield>
    <subfield code="1">BA0018</subfield>
    <subfield code="2">BA1 BA</subfield>
  </datafield>
  <datafield tag="899" ind1=" " ind2=" ">
    <subfield code="a">Biblioteca civica A. Mai. Bergamo</subfield>
    <subfield code="1">BG0026</subfield>
    <subfield code="2">LO1 02</subfield>
  </datafield>
  <datafield tag="899" ind1=" " ind2=" ">
    <subfield code="a">Biblioteca civica. Biella</subfield>
    <subfield code="1">BI0025</subfield>
    <subfield code="2">BIA BC</subfield>
  </datafield>
  <datafield tag="899" ind1=" " ind2=" ">
    <subfield code="a">Biblioteca provinciale dei Frati minori dell&apos;Emilia. Sezione Biblioteca dell&apos;Osservanza. Bologna</subfield>
    <subfield code="1">BO0336</subfield>
    <subfield code="2">ZBO 41</subfield>
  </datafield>
  <datafield tag="899" ind1=" " ind2=" ">
    <subfield code="a">Biblioteca Apostolica Vaticana. Citt ̉del Vaticano</subfield>
    <subfield code="1">EX0001</subfield>
    <subfield code="2">ZCV 01</subfield>
  </datafield>
  <datafield tag="899" ind1=" " ind2=" ">
    <subfield code="a">Biblioteca nazionale centrale. Firenze</subfield>
    <subfield code="1">FI0098</subfield>
    <subfield code="2">CFI CF</subfield>
  </datafield>
  <datafield tag="899" ind1=" " ind2=" ">
    <subfield code="a">Biblioteca statale Isontina. Gorizia</subfield>
    <subfield code="z">MUTILO</subfield>
    <subfield code="1">GO0025</subfield>
    <subfield code="2">TSA BI</subfield>
  </datafield>
  <datafield tag="899" ind1=" " ind2=" ">
    <subfield code="a">Biblioteca comunale Gaetano Badii. Massa Marittima</subfield>
    <subfield code="z">MUTILO</subfield>
    <subfield code="1">GR0024</subfield>
    <subfield code="2">RT1 FI</subfield>
  </datafield>
  <datafield tag="899" ind1=" " ind2=" ">
    <subfield code="a">Biblioteca civica Aprosiana. Ventimiglia</subfield>
    <subfield code="1">IM0038</subfield>
    <subfield code="2">LI3 VM</subfield>
  </datafield>
  <datafield tag="899" ind1=" " ind2=" ">
    <subfield code="a">Biblioteca del Seminario arcivescovile. Oristano</subfield>
    <subfield code="1">OR0035</subfield>
    <subfield code="2">PBE 91</subfield>
  </datafield>
  <datafield tag="899" ind1=" " ind2=" ">
    <subfield code="a">Biblioteca comunale Tranquillo Graziani. Cascia</subfield>
    <subfield code="z">MUTILO</subfield>
    <subfield code="1">PG0023</subfield>
    <subfield code="2">UM1 13</subfield>
  </datafield>
  <datafield tag="899" ind1=" " ind2=" ">
    <subfield code="a">Biblioteca comunale Augusta. Perugia</subfield>
    <subfield code="z">MUTILO</subfield>
    <subfield code="1">PG0109</subfield>
    <subfield code="2">UM1 01</subfield>
  </datafield>
  <datafield tag="899" ind1=" " ind2=" ">
    <subfield code="a">Biblioteca Oliveriana. Pesaro</subfield>
    <subfield code="1">PU0061</subfield>
    <subfield code="2">URB OL</subfield>
  </datafield>
  <datafield tag="899" ind1=" " ind2=" ">
    <subfield code="a">Biblioteca comunale Giulio Einaudi. Correggio</subfield>
    <subfield code="1">RE0031</subfield>
    <subfield code="2">RE2 13</subfield>
  </datafield>
  <datafield tag="899" ind1=" " ind2=" ">
    <subfield code="a">Biblioteca statale del Monumento nazionale. Cava dei Tirreni</subfield>
    <subfield code="1">SA0088</subfield>
    <subfield code="2">NAP 95</subfield>
  </datafield>
  <datafield tag="899" ind1=" " ind2=" ">
    <subfield code="a">Biblioteca civica Anton Giulio Barrili. Savona</subfield>
    <subfield code="z">MUTILO</subfield>
    <subfield code="1">SV0038</subfield>
    <subfield code="2">LI3 SV</subfield>
  </datafield>
  <datafield tag="899" ind1=" " ind2=" ">
    <subfield code="a">Biblioteca storica della Provincia di Torino. Torino</subfield>
    <subfield code="1">TO0277</subfield>
    <subfield code="2">TO0 06</subfield>
  </datafield>
  <datafield tag="899" ind1=" " ind2=" ">
    <subfield code="a">Biblioteca dell&apos;Istituto sociale dei Padri Gesuiti. Torino</subfield>
    <subfield code="1">TO0872</subfield>
    <subfield code="2">TO0 62</subfield>
  </datafield>
  <datafield tag="899" ind1=" " ind2=" ">
    <subfield code="a">Biblioteca agnesiana e diocesana. Vercelli</subfield>
    <subfield code="1">VC0072</subfield>
    <subfield code="2">TO0 C4</subfield>
  </datafield>
</record>
</collection>
